%YAML 1.1
%TAG !u! tag:unity3d.com,2011:
--- !u!1 &3361939068111299726
GameObject:
  m_ObjectHideFlags: 0
  m_CorrespondingSourceObject: {fileID: 0}
  m_PrefabInstance: {fileID: 0}
  m_PrefabAsset: {fileID: 0}
  serializedVersion: 6
  m_Component:
  - component: {fileID: 3361939068111299727}
  - component: {fileID: 3361939068111299720}
  - component: {fileID: 1506543809750221425}
  - component: {fileID: -8954373100652901497}
  - component: {fileID: 2796609831817080273}
  - component: {fileID: -6938009494782230353}
  m_Layer: 0
  m_Name: bandagePrefab
  m_TagString: bandage
  m_Icon: {fileID: 0}
  m_NavMeshLayer: 0
  m_StaticEditorFlags: 0
  m_IsActive: 1
--- !u!4 &3361939068111299727
Transform:
  m_ObjectHideFlags: 0
  m_CorrespondingSourceObject: {fileID: 0}
  m_PrefabInstance: {fileID: 0}
  m_PrefabAsset: {fileID: 0}
  m_GameObject: {fileID: 3361939068111299726}
  m_LocalRotation: {x: 0, y: 0, z: 0, w: 1}
  m_LocalPosition: {x: 0, y: 0, z: -15}
  m_LocalScale: {x: 0.2992262, y: 0.2992262, z: 1}
  m_Children: []
  m_Father: {fileID: 0}
  m_RootOrder: 0
  m_LocalEulerAnglesHint: {x: 0, y: 0, z: 0}
--- !u!212 &3361939068111299720
SpriteRenderer:
  m_ObjectHideFlags: 0
  m_CorrespondingSourceObject: {fileID: 0}
  m_PrefabInstance: {fileID: 0}
  m_PrefabAsset: {fileID: 0}
  m_GameObject: {fileID: 3361939068111299726}
  m_Enabled: 1
  m_CastShadows: 0
  m_ReceiveShadows: 0
  m_DynamicOccludee: 1
  m_MotionVectors: 1
  m_LightProbeUsage: 1
  m_ReflectionProbeUsage: 1
  m_RayTracingMode: 0
  m_RenderingLayerMask: 1
  m_RendererPriority: 0
  m_Materials:
  - {fileID: 10754, guid: 0000000000000000f000000000000000, type: 0}
  m_StaticBatchInfo:
    firstSubMesh: 0
    subMeshCount: 0
  m_StaticBatchRoot: {fileID: 0}
  m_ProbeAnchor: {fileID: 0}
  m_LightProbeVolumeOverride: {fileID: 0}
  m_ScaleInLightmap: 1
  m_ReceiveGI: 1
  m_PreserveUVs: 0
  m_IgnoreNormalsForChartDetection: 0
  m_ImportantGI: 0
  m_StitchLightmapSeams: 1
  m_SelectedEditorRenderState: 0
  m_MinimumChartSize: 4
  m_AutoUVMaxDistance: 0.5
  m_AutoUVMaxAngle: 89
  m_LightmapParameters: {fileID: 0}
  m_SortingLayerID: 0
  m_SortingLayer: 0
  m_SortingOrder: 0
  m_Sprite: {fileID: 21300000, guid: 00089b4a8baeec64cae2ed93eba1c12a, type: 3}
  m_Color: {r: 1, g: 1, b: 1, a: 1}
  m_FlipX: 0
  m_FlipY: 0
  m_DrawMode: 0
  m_Size: {x: 4.69, y: 3.75}
  m_AdaptiveModeThreshold: 0.5
  m_SpriteTileMode: 0
  m_WasSpriteAssigned: 1
  m_MaskInteraction: 0
  m_SpriteSortPoint: 0
--- !u!114 &1506543809750221425
MonoBehaviour:
  m_ObjectHideFlags: 0
  m_CorrespondingSourceObject: {fileID: 0}
  m_PrefabInstance: {fileID: 0}
  m_PrefabAsset: {fileID: 0}
  m_GameObject: {fileID: 3361939068111299726}
  m_Enabled: 1
  m_EditorHideFlags: 0
  m_Script: {fileID: 11500000, guid: 623235001c0bd4c45aeac19fed0ce66b, type: 3}
  m_Name: 
  m_EditorClassIdentifier: 
--- !u!60 &-8954373100652901497
PolygonCollider2D:
  m_ObjectHideFlags: 0
  m_CorrespondingSourceObject: {fileID: 0}
  m_PrefabInstance: {fileID: 0}
  m_PrefabAsset: {fileID: 0}
  m_GameObject: {fileID: 3361939068111299726}
  m_Enabled: 1
  m_Density: 1
  m_Material: {fileID: 0}
  m_IsTrigger: 1
  m_UsedByEffector: 0
  m_UsedByComposite: 0
  m_Offset: {x: 0, y: 0}
  m_SpriteTilingProperty:
    border: {x: 0, y: 0, z: 0, w: 0}
    pivot: {x: 0.5, y: 0.5}
    oldSize: {x: 4.69, y: 3.75}
    newSize: {x: 4.69, y: 3.75}
    adaptiveTilingThreshold: 0.5
    drawMode: 0
    adaptiveTiling: 0
  m_AutoTiling: 0
  m_Points:
    m_Paths:
    - - {x: 1.0849999, y: -1.0849999}
      - {x: 1.555, y: -0.825}
      - {x: 1.7149999, y: -0.655}
      - {x: 1.765, y: -0.575}
      - {x: 1.865, y: -0.33499998}
      - {x: 1.875, y: -0.255}
      - {x: 1.875, y: -0.095}
      - {x: 1.795, y: 0.005}
      - {x: 1.645, y: 0.095}
      - {x: 1.285, y: 0.285}
      - {x: 0.935, y: 0.45499998}
      - {x: 0.695, y: 0.59499997}
      - {x: 0.405, y: 0.72499996}
      - {x: 0.345, y: 0.72499996}
      - {x: 0.24499999, y: 0.685}
      - {x: 0.155, y: 0.615}
      - {x: 0.005, y: 0.45499998}
      - {x: -0.085, y: 0.295}
      - {x: -0.114999995, y: 0.24499999}
      - {x: -0.125, y: -0.074999996}
      - {x: -0.055, y: -0.16499999}
      - {x: -0.16499999, y: -0.195}
      - {x: -0.145, y: -0.105}
      - {x: -0.13499999, y: -0.015}
      - {x: -0.125, y: 0.385}
      - {x: -0.105, y: 0.655}
      - {x: -0.095, y: 1.165}
      - {x: -0.13499999, y: 1.645}
      - {x: -0.145, y: 1.675}
      - {x: -0.185, y: 1.7149999}
      - {x: -0.255, y: 1.755}
      - {x: -0.585, y: 1.765}
      - {x: -0.835, y: 1.745}
      - {x: -0.85499996, y: 1.775}
      - {x: -1.125, y: 1.775}
      - {x: -1.235, y: 1.765}
      - {x: -1.415, y: 1.685}
      - {x: -1.435, y: 1.635}
      - {x: -1.4549999, y: 1.4449999}
      - {x: -1.4649999, y: 1.3349999}
      - {x: -1.4649999, y: 0.024999999}
      - {x: -1.475, y: 0.024999999}
      - {x: -1.475, y: -0.275}
      - {x: -1.395, y: -0.345}
      - {x: -1.0749999, y: -0.435}
      - {x: -0.805, y: -0.465}
      - {x: -0.405, y: -0.36499998}
      - {x: -0.705, y: -0.53499997}
      - {x: -0.875, y: -0.66499996}
      - {x: -1.165, y: -0.745}
      - {x: -1.135, y: -0.905}
      - {x: -1.025, y: -1.005}
      - {x: -0.85499996, y: -1.185}
      - {x: -0.775, y: -1.245}
      - {x: -0.685, y: -1.355}
      - {x: -0.585, y: -1.425}
      - {x: -0.475, y: -1.505}
      - {x: -0.315, y: -1.605}
      - {x: -0.205, y: -1.7149999}
      - {x: -0.13499999, y: -1.7149999}
      - {x: 0.005, y: -1.8449999}
      - {x: 0.085, y: -1.8449999}
      - {x: 0.114999995, y: -1.8349999}
      - {x: 0.265, y: -1.675}
      - {x: 0.505, y: -1.515}
      - {x: 0.805, y: -1.295}
--- !u!114 &2796609831817080273
MonoBehaviour:
  m_ObjectHideFlags: 0
  m_CorrespondingSourceObject: {fileID: 0}
  m_PrefabInstance: {fileID: 0}
  m_PrefabAsset: {fileID: 0}
  m_GameObject: {fileID: 3361939068111299726}
  m_Enabled: 1
  m_EditorHideFlags: 0
  m_Script: {fileID: 11500000, guid: 2d820f6a1e002734cb75c8bcb2868b77, type: 3}
  m_Name: 
  m_EditorClassIdentifier: 
  Gunshot: {fileID: 0}
  Cut: {fileID: 0}
--- !u!50 &-6938009494782230353
Rigidbody2D:
  serializedVersion: 4
  m_ObjectHideFlags: 0
  m_CorrespondingSourceObject: {fileID: 0}
  m_PrefabInstance: {fileID: 0}
  m_PrefabAsset: {fileID: 0}
  m_GameObject: {fileID: 3361939068111299726}
  m_BodyType: 0
  m_Simulated: 1
  m_UseFullKinematicContacts: 0
  m_UseAutoMass: 0
  m_Mass: 1
  m_LinearDrag: 0
  m_AngularDrag: 0.05
  m_GravityScale: 0
  m_Material: {fileID: 0}
  m_Interpolate: 0
  m_SleepingMode: 1
  m_CollisionDetection: 1
  m_Constraints: 0
