%YAML 1.1
%TAG !u! tag:unity3d.com,2011:
--- !u!1 &6438917957752899207
GameObject:
  m_ObjectHideFlags: 0
  m_CorrespondingSourceObject: {fileID: 0}
  m_PrefabInstance: {fileID: 0}
  m_PrefabAsset: {fileID: 0}
  serializedVersion: 6
  m_Component:
  - component: {fileID: 6438917957752899206}
  - component: {fileID: 6438917957752899205}
  - component: {fileID: -419901483364379887}
  - component: {fileID: -5460578943416587081}
  - component: {fileID: -1075830379850524446}
  m_Layer: 0
  m_Name: sawPrefab
  m_TagString: Untagged
  m_Icon: {fileID: 0}
  m_NavMeshLayer: 0
  m_StaticEditorFlags: 0
  m_IsActive: 1
--- !u!4 &6438917957752899206
Transform:
  m_ObjectHideFlags: 0
  m_CorrespondingSourceObject: {fileID: 0}
  m_PrefabInstance: {fileID: 0}
  m_PrefabAsset: {fileID: 0}
  m_GameObject: {fileID: 6438917957752899207}
  m_LocalRotation: {x: 0, y: 0, z: 0, w: 1}
  m_LocalPosition: {x: 7.157, y: -17.612, z: 0}
  m_LocalScale: {x: 0.106139995, y: 0.106139995, z: 0.21227999}
  m_Children: []
  m_Father: {fileID: 0}
  m_RootOrder: 0
  m_LocalEulerAnglesHint: {x: 0, y: 0, z: 0}
--- !u!212 &6438917957752899205
SpriteRenderer:
  m_ObjectHideFlags: 0
  m_CorrespondingSourceObject: {fileID: 0}
  m_PrefabInstance: {fileID: 0}
  m_PrefabAsset: {fileID: 0}
  m_GameObject: {fileID: 6438917957752899207}
  m_Enabled: 1
  m_CastShadows: 0
  m_ReceiveShadows: 0
  m_DynamicOccludee: 1
  m_MotionVectors: 1
  m_LightProbeUsage: 1
  m_ReflectionProbeUsage: 1
  m_RayTracingMode: 0
  m_RenderingLayerMask: 1
  m_RendererPriority: 0
  m_Materials:
  - {fileID: 10754, guid: 0000000000000000f000000000000000, type: 0}
  m_StaticBatchInfo:
    firstSubMesh: 0
    subMeshCount: 0
  m_StaticBatchRoot: {fileID: 0}
  m_ProbeAnchor: {fileID: 0}
  m_LightProbeVolumeOverride: {fileID: 0}
  m_ScaleInLightmap: 1
  m_ReceiveGI: 1
  m_PreserveUVs: 0
  m_IgnoreNormalsForChartDetection: 0
  m_ImportantGI: 0
  m_StitchLightmapSeams: 1
  m_SelectedEditorRenderState: 0
  m_MinimumChartSize: 4
  m_AutoUVMaxDistance: 0.5
  m_AutoUVMaxAngle: 89
  m_LightmapParameters: {fileID: 0}
  m_SortingLayerID: 0
  m_SortingLayer: 0
  m_SortingOrder: 0
  m_Sprite: {fileID: 21300000, guid: 5e977b3105dbef74db787b0c97b6a09d, type: 3}
  m_Color: {r: 1, g: 1, b: 1, a: 1}
  m_FlipX: 0
  m_FlipY: 0
  m_DrawMode: 0
  m_Size: {x: 15, y: 12}
  m_AdaptiveModeThreshold: 0.5
  m_SpriteTileMode: 0
  m_WasSpriteAssigned: 1
  m_MaskInteraction: 0
  m_SpriteSortPoint: 0
--- !u!114 &-419901483364379887
MonoBehaviour:
  m_ObjectHideFlags: 0
  m_CorrespondingSourceObject: {fileID: 0}
  m_PrefabInstance: {fileID: 0}
  m_PrefabAsset: {fileID: 0}
  m_GameObject: {fileID: 6438917957752899207}
  m_Enabled: 1
  m_EditorHideFlags: 0
  m_Script: {fileID: 11500000, guid: 623235001c0bd4c45aeac19fed0ce66b, type: 3}
  m_Name: 
  m_EditorClassIdentifier: 
--- !u!60 &-5460578943416587081
PolygonCollider2D:
  m_ObjectHideFlags: 0
  m_CorrespondingSourceObject: {fileID: 0}
  m_PrefabInstance: {fileID: 0}
  m_PrefabAsset: {fileID: 0}
  m_GameObject: {fileID: 6438917957752899207}
  m_Enabled: 1
  m_Density: 1
  m_Material: {fileID: 0}
  m_IsTrigger: 1
  m_UsedByEffector: 0
  m_UsedByComposite: 0
  m_Offset: {x: 0, y: 0}
  m_SpriteTilingProperty:
    border: {x: 0, y: 0, z: 0, w: 0}
    pivot: {x: 0.5, y: 0.5}
    oldSize: {x: 15, y: 12}
    newSize: {x: 15, y: 12}
    adaptiveTilingThreshold: 0.5
    drawMode: 0
    adaptiveTiling: 0
  m_AutoTiling: 0
  m_Points:
    m_Paths:
    - - {x: -4, y: -4.98}
      - {x: -3.9199998, y: -4.93}
      - {x: -3.8, y: -4.85}
      - {x: -3.6999998, y: -4.74}
      - {x: -3.62, y: -4.65}
      - {x: -3.57, y: -4.5899997}
      - {x: -3.5, y: -4.44}
      - {x: -3.4499998, y: -4.27}
      - {x: -3.4199998, y: -4.04}
      - {x: -3.4299998, y: -3.78}
      - {x: -3.49, y: -3.52}
      - {x: -3.53, y: -3.36}
      - {x: -3.62, y: -3.21}
      - {x: -3.72, y: -3.04}
      - {x: -3.82, y: -2.8799999}
      - {x: -3.98, y: -2.6299999}
      - {x: -4.0699997, y: -2.52}
      - {x: -4.24, y: -2.33}
      - {x: -4.61, y: -1.86}
      - {x: -4.67, y: -1.75}
      - {x: -4.68, y: -1.6899999}
      - {x: -4.72, y: -1.5899999}
      - {x: -4.77, y: -1.29}
      - {x: -4.7799997, y: -1.1899999}
      - {x: -4.79, y: -1.18}
      - {x: -4.7799997, y: -0.91999996}
      - {x: -4.71, y: -0.76}
      - {x: -4.62, y: -0.68}
      - {x: -4.49, y: -0.62}
      - {x: -4.21, y: -0.59999996}
      - {x: -4.0099998, y: -0.64}
      - {x: -3.8899999, y: -0.71}
      - {x: -3.76, y: -0.9}
      - {x: -3.6799998, y: -1}
      - {x: -3.53, y: -1.17}
      - {x: -3.4199998, y: -1.27}
      - {x: -3.21, y: -1.5699999}
      - {x: -2.87, y: -2.1299999}
      - {x: -2.76, y: -2.31}
      - {x: -2.6, y: -2.57}
      - {x: -2.46, y: -2.8}
      - {x: -2.37, y: -2.9299998}
      - {x: -2.32, y: -2.9399998}
      - {x: -2.1699998, y: -2.82}
      - {x: -2.1, y: -2.85}
      - {x: -2.06, y: -2.85}
      - {x: -2, y: -2.8}
      - {x: -1.93, y: -2.7}
      - {x: -1.8299999, y: -2.73}
      - {x: -1.79, y: -2.73}
      - {x: -1.74, y: -2.7}
      - {x: -1.6999999, y: -2.62}
      - {x: -1.62, y: -2.6599998}
      - {x: -1.53, y: -2.6599998}
      - {x: -1.49, y: -2.62}
      - {x: -1.4499999, y: -2.53}
      - {x: -1.3299999, y: -2.59}
      - {x: -1.29, y: -2.59}
      - {x: -1.25, y: -2.56}
      - {x: -1.1999999, y: -2.45}
      - {x: -1.13, y: -2.51}
      - {x: -1.09, y: -2.51}
      - {x: -1.04, y: -2.47}
      - {x: -0.98999995, y: -2.3799999}
      - {x: -0.90999997, y: -2.4299998}
      - {x: -0.81, y: -2.3999999}
      - {x: -0.77, y: -2.35}
      - {x: -0.64, y: -2.3899999}
      - {x: -0.59, y: -2.31}
      - {x: -0.57, y: -2.19}
      - {x: -0.47, y: -2.26}
      - {x: -0.39999998, y: -2.27}
      - {x: -0.35999998, y: -2.19}
      - {x: -0.37, y: -2.1499999}
      - {x: -0.26, y: -2.19}
      - {x: -0.22999999, y: -2.19}
      - {x: -0.19, y: -2.1599998}
      - {x: -0.14999999, y: -2.07}
      - {x: -0.049999997, y: -2.12}
      - {x: 0.01, y: -2.1299999}
      - {x: 0.08, y: -2.05}
      - {x: 0.17999999, y: -2.07}
      - {x: 0.24, y: -2.01}
      - {x: 0.26999998, y: -1.89}
      - {x: 0.37, y: -1.9499999}
      - {x: 0.41, y: -1.9499999}
      - {x: 0.45, y: -1.91}
      - {x: 0.45, y: -1.86}
      - {x: 0.53, y: -1.92}
      - {x: 0.62, y: -1.88}
      - {x: 0.63, y: -1.79}
      - {x: 0.69, y: -1.87}
      - {x: 0.79999995, y: -1.8399999}
      - {x: 0.83, y: -1.74}
      - {x: 0.94, y: -1.81}
      - {x: 0.97999996, y: -1.76}
      - {x: 1.01, y: -1.67}
      - {x: 1.0699999, y: -1.7199999}
      - {x: 1.14, y: -1.74}
      - {x: 1.18, y: -1.7099999}
      - {x: 1.2099999, y: -1.63}
      - {x: 1.3, y: -1.64}
      - {x: 1.3399999, y: -1.64}
      - {x: 1.38, y: -1.5999999}
      - {x: 1.39, y: -1.54}
      - {x: 1.48, y: -1.5999999}
      - {x: 1.52, y: -1.5999999}
      - {x: 1.56, y: -1.5799999}
      - {x: 1.63, y: -1.4499999}
      - {x: 1.77, y: -1.51}
      - {x: 1.9, y: -1.4399999}
      - {x: 1.9499999, y: -1.43}
      - {x: 1.9799999, y: -1.41}
      - {x: 2.03, y: -1.31}
      - {x: 2.11, y: -1.36}
      - {x: 2.1499999, y: -1.36}
      - {x: 2.19, y: -1.3199999}
      - {x: 2.25, y: -1.31}
      - {x: 2.3, y: -1.31}
      - {x: 2.35, y: -1.25}
      - {x: 2.37, y: -1.1899999}
      - {x: 2.45, y: -1.23}
      - {x: 2.51, y: -1.23}
      - {x: 2.55, y: -1.1999999}
      - {x: 2.58, y: -1.12}
      - {x: 2.6699998, y: -1.16}
      - {x: 2.73, y: -1.16}
      - {x: 2.77, y: -1.13}
      - {x: 2.81, y: -1.05}
      - {x: 2.8899999, y: -1.1}
      - {x: 2.95, y: -1.1}
      - {x: 2.99, y: -1.0699999}
      - {x: 3.1399999, y: -1.04}
      - {x: 3.1799998, y: -1.05}
      - {x: 3.23, y: -0.97999996}
      - {x: 3.22, y: -0.90999997}
      - {x: 3.28, y: -0.95}
      - {x: 3.33, y: -0.95}
      - {x: 3.36, y: -0.91999996}
      - {x: 3.3999999, y: -0.82}
      - {x: 3.49, y: -0.89}
      - {x: 3.53, y: -0.89}
      - {x: 3.59, y: -0.83}
      - {x: 3.76, y: -0.82}
      - {x: 3.81, y: -0.77}
      - {x: 3.85, y: -0.75}
      - {x: 3.9299998, y: -0.77}
      - {x: 3.97, y: -0.71999997}
      - {x: 4, y: -0.64}
      - {x: 4.08, y: -0.69}
      - {x: 4.12, y: -0.69}
      - {x: 4.2, y: -0.62}
      - {x: 4.29, y: -0.65}
      - {x: 4.48, y: -0.59}
      - {x: 4.52, y: -0.53}
      - {x: 4.64, y: -0.52}
      - {x: 4.68, y: -0.48999998}
      - {x: 4.81, y: -0.45}
      - {x: 4.8399997, y: -0.42999998}
      - {x: 4.87, y: -0.35999998}
      - {x: 4.96, y: -0.41}
      - {x: 5, y: -0.41}
      - {x: 5.0299997, y: -0.39}
      - {x: 5.0699997, y: -0.29}
      - {x: 5.1099997, y: -0.32999998}
      - {x: 5.18, y: -0.35999998}
      - {x: 5.2999997, y: -0.22}
      - {x: 5.38, y: -0.25}
      - {x: 5.43, y: -0.26}
      - {x: 5.48, y: -0.19}
      - {x: 5.5, y: -0.089999996}
      - {x: 5.5699997, y: -0.13}
      - {x: 5.64, y: -0.14}
      - {x: 5.7, y: -0.01}
      - {x: 5.79, y: -0.049999997}
      - {x: 5.83, y: -0.049999997}
      - {x: 5.8599997, y: -0.03}
      - {x: 5.8799996, y: 0.02}
      - {x: 5.94, y: -0.02}
      - {x: 5.98, y: -0.02}
      - {x: 6.0299997, y: 0.02}
      - {x: 6.1299996, y: 0.04}
      - {x: 6.18, y: 0.03}
      - {x: 6.23, y: 0.12}
      - {x: 6.2799997, y: 0.11}
      - {x: 6.33, y: 0.11}
      - {x: 6.3599997, y: 0.14999999}
      - {x: 6.46, y: 0.14}
      - {x: 6.5, y: 0.16}
      - {x: 6.5699997, y: 0.26}
      - {x: 6.62, y: 0.22}
      - {x: 6.67, y: 0.22}
      - {x: 6.7, y: 0.24}
      - {x: 6.72, y: 0.29}
      - {x: 6.77, y: 0.26}
      - {x: 6.81, y: 0.25}
      - {x: 6.8399997, y: 0.26999998}
      - {x: 6.89, y: 0.34}
      - {x: 6.99, y: 0.29999998}
      - {x: 7.0499997, y: 0.38}
      - {x: 7.14, y: 0.35}
      - {x: 7.16, y: 0.38}
      - {x: 7.16, y: 0.53999996}
      - {x: 7.08, y: 0.78999996}
      - {x: 6.99, y: 1.0699999}
      - {x: 6.73, y: 1.8499999}
      - {x: 6.56, y: 2.24}
      - {x: 6.52, y: 2.37}
      - {x: 6.5, y: 2.4199998}
      - {x: 6.37, y: 2.6699998}
      - {x: 6.12, y: 2.98}
      - {x: 5.87, y: 3.1399999}
      - {x: 5.75, y: 3.1899998}
      - {x: 5.6299996, y: 3.22}
      - {x: 5.46, y: 3.25}
      - {x: 5.24, y: 3.25}
      - {x: 4.8599997, y: 3.21}
      - {x: 4.64, y: 3.1399999}
      - {x: 4.3399997, y: 3.09}
      - {x: 4.21, y: 3.08}
      - {x: 4.0499997, y: 3.07}
      - {x: 3.9499998, y: 3.08}
      - {x: 3.8799999, y: 3.11}
      - {x: 3.6799998, y: 3.28}
      - {x: 3.6699998, y: 3.34}
      - {x: 3.6399999, y: 3.3799999}
      - {x: 3.56, y: 3.3799999}
      - {x: 3.1799998, y: 3.25}
      - {x: 3.04, y: 3.21}
      - {x: 2.96, y: 3.1799998}
      - {x: 2.75, y: 3.1299999}
      - {x: 2.47, y: 3.03}
      - {x: 2.33, y: 2.99}
      - {x: 2.25, y: 2.96}
      - {x: 2.04, y: 2.9099998}
      - {x: 1.88, y: 2.86}
      - {x: 1.67, y: 2.78}
      - {x: 1.5899999, y: 2.76}
      - {x: 1.3, y: 2.6699998}
      - {x: 1.22, y: 2.6399999}
      - {x: 1.01, y: 2.59}
      - {x: 0.84999996, y: 2.54}
      - {x: 0.64, y: 2.46}
      - {x: 0.56, y: 2.44}
      - {x: 0.48, y: 2.4099998}
      - {x: 0.26999998, y: 2.36}
      - {x: 0.11, y: 2.31}
      - {x: -0.48999998, y: 2.11}
      - {x: -0.59999996, y: 2.09}
      - {x: -1.0799999, y: 1.9399999}
      - {x: -1.39, y: 1.8299999}
      - {x: -1.5, y: 1.81}
      - {x: -1.66, y: 1.76}
      - {x: -1.87, y: 1.68}
      - {x: -1.9499999, y: 1.66}
      - {x: -2.03, y: 1.63}
      - {x: -2.24, y: 1.5799999}
      - {x: -3.1999998, y: 1.27}
      - {x: -3.6499999, y: 1.13}
      - {x: -4.14, y: 0.98999995}
      - {x: -4.31, y: 0.91999996}
      - {x: -4.45, y: 0.89}
      - {x: -4.65, y: 0.81}
      - {x: -4.7599998, y: 0.85999995}
      - {x: -5.0299997, y: 0.87}
      - {x: -5.21, y: 0.82}
      - {x: -5.2999997, y: 0.78999996}
      - {x: -5.5499997, y: 0.65999997}
      - {x: -5.71, y: 0.48}
      - {x: -5.98, y: 0.14}
      - {x: -6.0499997, y: 0.03}
      - {x: -6.14, y: -0.06}
      - {x: -6.2599998, y: -0.12}
      - {x: -6.3399997, y: -0.14}
      - {x: -6.45, y: -0.17999999}
      - {x: -6.67, y: -0.22999999}
      - {x: -6.8399997, y: -0.26}
      - {x: -6.91, y: -0.28}
      - {x: -7.12, y: -0.35}
      - {x: -7.23, y: -0.39999998}
      - {x: -7.3199997, y: -0.45999998}
      - {x: -7.39, y: -0.52}
      - {x: -7.39, y: -0.55}
      - {x: -7.37, y: -0.59}
      - {x: -7.1299996, y: -0.65999997}
      - {x: -6.67, y: -0.77}
      - {x: -6.3199997, y: -0.89}
      - {x: -6.33, y: -1}
      - {x: -6.3399997, y: -1.1}
      - {x: -6.3799996, y: -1.4}
      - {x: -6.42, y: -1.54}
      - {x: -6.47, y: -1.77}
      - {x: -6.54, y: -2.12}
      - {x: -6.58, y: -2.3}
      - {x: -6.5899997, y: -2.55}
      - {x: -6.6, y: -2.72}
      - {x: -6.6, y: -3.23}
      - {x: -6.58, y: -3.3899999}
      - {x: -6.56, y: -3.52}
      - {x: -6.54, y: -3.6399999}
      - {x: -6.5099998, y: -3.78}
      - {x: -6.47, y: -3.9199998}
      - {x: -6.3999996, y: -4.14}
      - {x: -6.31, y: -4.31}
      - {x: -6.19, y: -4.47}
      - {x: -5.97, y: -4.69}
      - {x: -5.81, y: -4.83}
      - {x: -5.71, y: -4.91}
      - {x: -5.48, y: -5.08}
      - {x: -5.35, y: -5.13}
      - {x: -5.23, y: -5.14}
      - {x: -5.1, y: -5.18}
      - {x: -4.8599997, y: -5.2}
      - {x: -4.7, y: -5.2}
      - {x: -4.56, y: -5.18}
      - {x: -4.2999997, y: -5.1099997}
      - {x: -4.16, y: -5.06}
    - - {x: -4.66, y: -4.54}
      - {x: -4.7999997, y: -4.42}
      - {x: -4.93, y: -4.3399997}
      - {x: -5.0299997, y: -4.25}
      - {x: -5.3199997, y: -3.8799999}
      - {x: -5.45, y: -3.6599998}
      - {x: -5.47, y: -3.57}
      - {x: -5.5899997, y: -3.32}
      - {x: -5.66, y: -3.06}
      - {x: -5.74, y: -2.72}
      - {x: -5.75, y: -2.59}
      - {x: -5.7599998, y: -2.36}
      - {x: -5.77, y: -2.35}
      - {x: -5.77, y: -1.8499999}
      - {x: -5.7599998, y: -1.8399999}
      - {x: -5.7599998, y: -1.3}
      - {x: -5.75, y: -1.29}
      - {x: -5.71, y: -1}
      - {x: -5.71, y: -0.96}
      - {x: -5.72, y: -0.96}
      - {x: -5.64, y: -1.04}
      - {x: -5.64, y: -1.05}
      - {x: -5.5899997, y: -1.15}
      - {x: -5.5099998, y: -1.42}
      - {x: -5.4, y: -1.78}
      - {x: -5.29, y: -2.02}
      - {x: -5.2599998, y: -2.09}
      - {x: -5.22, y: -2.1499999}
      - {x: -5.15, y: -2.24}
      - {x: -4.89, y: -2.54}
      - {x: -4.68, y: -2.75}
      - {x: -4.44, y: -3.03}
      - {x: -4.3199997, y: -3.21}
      - {x: -4.23, y: -3.35}
      - {x: -4.11, y: -3.6299999}
      - {x: -4.0899997, y: -3.73}
      - {x: -4.0699997, y: -3.81}
      - {x: -4.0699997, y: -3.9299998}
      - {x: -4.13, y: -4.15}
      - {x: -4.25, y: -4.3399997}
      - {x: -4.37, y: -4.46}
      - {x: -4.43, y: -4.49}
      - {x: -4.45, y: -4.5099998}
    - - {x: -5.2599998, y: -0.14999999}
      - {x: -5.31, y: -0.099999994}
      - {x: -5.38, y: 0.049999997}
      - {x: -5.37, y: 0.19}
      - {x: -5.2, y: 0.35999998}
      - {x: -4.92, y: 0.45999998}
      - {x: -4.74, y: 0.45}
      - {x: -4.67, y: 0.37}
      - {x: -4.74, y: 0.13}
      - {x: -4.87, y: -0.02}
      - {x: -5.06, y: -0.16}
--- !u!50 &-1075830379850524446
Rigidbody2D:
  serializedVersion: 4
  m_ObjectHideFlags: 0
  m_CorrespondingSourceObject: {fileID: 0}
  m_PrefabInstance: {fileID: 0}
  m_PrefabAsset: {fileID: 0}
  m_GameObject: {fileID: 6438917957752899207}
  m_BodyType: 0
  m_Simulated: 1
  m_UseFullKinematicContacts: 0
  m_UseAutoMass: 0
  m_Mass: 1
  m_LinearDrag: 0
  m_AngularDrag: 0.05
  m_GravityScale: 0
  m_Material: {fileID: 0}
  m_Interpolate: 0
  m_SleepingMode: 1
  m_CollisionDetection: 1
  m_Constraints: 0
